% Electronic document
@MISC{ASGSOperatorsGuide2011,
   PUBLISHER = {Seahorse Coastal Consulting},
   AUTHOR = {Jason G. Fleming},
	YEAR    = {2012},
	TITLE   = {The ASGS Operators Guide},
	NOTE    = {[Available online at http://www.seahorsecoastal.com/svn/asgs/branches/asgs2011/doc/ASGSOperatorsGuide.html]}
}

% Electronic document
@MISC{ASGSDevelopersGuide2011,
	PUBLISHER  = {Seahorse Coastal Consulting},
   AUTHOR = {Jason G. Fleming},
	YEAR    = {2012},
	TITLE   = {The ASGS Developers Guide},
	NOTE    = {[Available online at http://www.seahorsecoastal.com/svn/asgs/branches/asgs2011/doc/ASGSDevelopersGuide.html]}
}

!!!!!!!!!!!!!!!!!!!!!!!!!!!!!!!!!!!!!!!!!!!!!!!!
%%%%%%%%%%%%%%%%%%%%%%%%%%%%%%%%%%%%%%%%%%%%%%%%
% Technical Report
@TECHREPORT{BlainCA1998,
	AUTHOR = {C. Blain and A. McManus},
	YEAR = {1998},
	TITLE = {A real-time application of the ADCIRC-2DDI hydrodynamic
model for JTFEX97 at Camp Pendleton, CA},
	TYPE = {NRL Technical Report},
	NUMBER = {NRL/FR/7322-98-9684},
   INSTITUTION = {Naval Research Laboratory, Department of the Navy}
}

!!!!!!!!!!!!!!!!!!!!!!!!!!!!!!!!!!!!!!!!!!!!!!!!
%%%%%%%%%%%%%%%%%%%%%%%%%%%%%%%%%%%%%%%%%%%%%%%%
%Journal article 
@ARTICLE{BlainCA2002,
	AUTHOR = {C. Blain and C. Edwards},
	YEAR = {2002},
	TITLE = {Forecast capability for coastal embayments of the Mississippi Sound},
	JOURNAL = {Marine Technology Science},
	VOLUME = {3},
	PAGES = {1501-1508}
}

%Journal article 
@ARTICLE{DietrichJC2012,
	AUTHOR = {J. C. Dietrich and C. J. Trahan and M. T. Howard and J. G.  Fleming and R. J. Weaver and S. Tanaka and L. Yu and R. A. Luettich Jr. and C. N. Dawson and J. J. Westerink and G. Wells and A. Lu and K. Vega and A. Kubach and K. M. Dresback and R. L. Kolar and C. Kaiser and R. R. Twilley},
	YEAR = {2012},
	TITLE = {Surface Trajectories of Oil Transport along the Northern Coastline of the Gulf of Mexico},
	JOURNAL = {Continental Shelf Research},
	VOLUME = {41(1)},
	PAGES = {17-47},
   DOI = {DOI:10.1016/j.csr.2012.03.015}
}

%Journal article 
@ARTICLE{FlatherRA1994,
	AUTHOR = {R. A. Flather},
	YEAR = {1994},
	TITLE = {A Storm Surge Prediction Model for the Northern Bay 
of Bengal with Application to the Cyclone Disaster in April 1991},
	JOURNAL = {Journal of Physical Oceanography},
	VOLUME = {24},
	PAGES = {172-190}
}

% Proceedings
@INPROCEEDINGS{FlemingJG2008,
    AUTHOR = {Jason G. Fleming and C. Fulcher and R. Luettich and B. Estrade and G. Allen and H. Winer},
    TITLE = {A Real Time Storm Surge Forecasting System using ADCIRC},
    BOOKTITLE = {Estuarine and Coastal Modeling X},
    PAGES = {373-392},
    YEAR = {2008}
}

%Journal article 
@ARTICLE{GraberHC2006,
	AUTHOR = {H. C. Graber and V. J. Cardone and R. E. Jensen and D. N. Slinn and S.C. Hagen and A. T. Cox and M. D. Powell and C. Grassl},
	YEAR = {2006},
	TITLE = {Coastal Forecasts and Storm Surge Predictions for Tropical Cyclones: A Timely Partnership Program},
	JOURNAL = {Oceanography},
	VOLUME = {19(1)},
	PAGES = {130-141}
}

%Journal article 
@ARTICLE{HollandGJ1980,
	AUTHOR = {G. J. Holland},
	YEAR = {1980},
	TITLE = {An Analytic Model of the Wind and Pressure Profiles in Hurricanes},
	JOURNAL = {Monthly Weather Review},
	VOLUME = {108},
	PAGES = {1212-1218}
}

%Journal article 
@ARTICLE{HoustonSH1999,
	AUTHOR = {S. H. Houston and W. A. Shaffer and M. D. Powell and J. Chen},
	YEAR = {1999},
	TITLE = {Comparisons of HRD and SLOSH Surface Wind Fields in Hurricanes: Implications for Storm Surge Modeling},
	JOURNAL = {Weather and Forecasting},
	VOLUME = {14},
	PAGES = {671–686}
}

%Journal article 
@ARTICLE{HubbertGD1991,
	AUTHOR = {G. D. Hubbert and G. J. Holland and L. M. Leslie and M.J. Manton},
	YEAR = {1991},
	TITLE = {A Real-Time System for Forecasting Tropical Cyclone Storm Surges},
	JOURNAL = {Weather and Forecasting},
	VOLUME = {6},
	PAGES = {86–97}
}

!!!!!!!!!!!!!!!!!!!!!!!!!!!!!!!!!!!!!!!!!!!!!!!
%%%%%%%%%%%%%%%%%%%%%%%%%%%%%%%%%%%%%%%%%%%%%%%%
%Journal article 
@ARTICLE{KennedyA2010,
	AUTHOR = {A. Kennedy and U. Gravois and B. Zachry and R. Luettich and T. Whipple and R. Weaver and J. V. Reynolds-Fleming and Q. Chen and R. Avissar},
	YEAR = {2010},
	TITLE = {Rapidly installed temporary gauging for hurricane waves and surge, and application to Hurricane Gustav},
	JOURNAL = {Continental Shelf Research},
	VOLUME = {30(16)},
	PAGES = {1743-1752}
}

%Journal article 
@ARTICLE{LynchDR2004,
	AUTHOR = {D. R. Lynch and K. Smith and B. O. Blanton and R. A. Luettich, Jr. and F. E. Werner},
	YEAR = 2004,
	TITLE = {Forecasting the coastal
ocean: resolution, tide and operational data in the South Atlantic Bight},
	JOURNAL = {Journal of Atmospheric and Oceanic Technology},
	VOLUME = {21(7)},
	PAGES = {1074-1085}
}

%Journal article 
@ARTICLE{MasseyWG2007,
	AUTHOR = {W. G. Massey and J. W. Gangai and E. Drei-Horgan and K. J. Slover},
	YEAR = {2007},
	TITLE = {History of Coastal Inundation Models},
	JOURNAL = {Marine Technology Society Journal},
	VOLUME = {14},
	PAGES = {7-17}
}

% Technical Report
@TECHREPORT{MattocksC2006,
	AUTHOR = {C. Mattocks and C. Forbes and L. Ran},
	YEAR = {2006},
	TITLE = {Design and Implementation of a Real-Time Storm Surge and Flood Forecasting Capability for the State of North Carolina},
	TYPE = {UNC-CEP Technical Report},
   INSTITUTION = {Carolina Environmental Program at the University of North Carolina at Chapel Hill},
	PAGES = {103}
}

%Journal article 
@ARTICLE{OConnorWP1999,
	AUTHOR = {W. P. O'Connor and D. J. Schwab and G.A. Lang},
	YEAR = {1999},
	TITLE = {Forecast Verification for Eta Model Winds Using Lake Erie Storm Surge Water Levels},
	JOURNAL = {Weather and Forecasting},
	VOLUME = {14},
	PAGES = {119-133}
}

% Proceedings
@INPROCEEDINGS{RamakrishnanL2006,
    AUTHOR = {Lavanya Ramakrishnan and Brian O. Blanton and Howard M. L and Richard A. Luettich and Daniel A. Reed and Steven R. Thorpe},
    TITLE = {Real-time Storm Surge Ensemble Modeling in a Grid Environment},
    BOOKTITLE = {Second International Workshop on Grid Computing Environments (GCE)}, 
    NOTES = {Held in conjunction ACM/IEEE Conference for High Performance Computing, Networking, Storage and Analysis},
    YEAR = {2006}
}

%Journal article 
@ARTICLE{VerlaanM2005,
	AUTHOR = {M. Verlaan and A. Zijderveld and H. de Vries and J. Kroos},
	YEAR = {2005},
	TITLE = {Operational Storm Surge Forecasting in the Netherlands: Developments in the Last Decade},
	JOURNAL = {Phil. Trans. R. Soc. A},
	VOLUME = {363},
	PAGES = {1441-1453}
}

!!!!!!!!!!!!!!!!!!!!!!!!!!!!!!!!!!!!!!!!!!!!!!!
%%%%%%%%%%%%%%%%%%%%%%%%%%%%%%%%%%%%%%%%%%%%%%%%
%Journal article 
@ARTICLE{XieL2006,
	AUTHOR = {L. Xie and S. Bao and L. J. Petrafesa and K. Foley and M.
Fuentes},
	YEAR = {2006},
	TITLE = {A real-time hurricane surface wind forecasting model: formulation and verification},
	JOURNAL = {Mon. Wea. Rev.},
	VOLUME = {134},
	PAGES = {1355-1370}
}



